@BOOK{mueller2000,
	AUTHOR="J.-A. MÃ¼ller",
	TITLE="Systems Engineering",
	PUBLISHER="Manz-Verlag Schulbuch (Fortis)",
	YEAR=2000,
	ADDRESS="Wien"
}