@Article{Prager1961,
  author = {W. Prager},
  title =  {An Elementary Discussion of Definitions of Stress Rate},
  journal = {Division of Applied Mathematics},
  year =   {1961},
}